@article{1,
  author =       "John C Marshall and Laura Bosco and Neill K Adhikari and Bronwen Connolly and Janet V Diaz and Todd Dorman and Robert A Fowler and Geert Meyfroidt and Satoshi Nakagawa and Paolo Pelosi and Jean-Louis Vincent and Kathleen Vollman and Janice Zimmerman",
  title =        "What is an intensive care unit? A report of the task force of the World Federation of Societies of Intensive and Critical Care Medicine",
  journal =      "Journal of Critical Care",
  volume =       "37",
  pages =        "270--276",
  year =         "2017",
  DOI =          "https://doi.org/10.1016/j.jcrc.2016.07.015",
  keywords =     "ICU"
}

@article{2,
  author =       "Leo Anthony Celi and Roger G. Mark",
  title =        "'Big Data' in the Intensive Care Unit. Closing the Data Loop",
  journal =      "American journal of respiratory and critical care medicine",
  volume =       "187",
  number =       "11",
  pages =        "1157--1160",
  year =         "2013",
  DOI =          "https://doi.org/10.1164/rccm.201212-2311ED",
  keywords =     "ICU"
}

@article{3,
  author =       "Alistair E.W. Johnson and Tom J. Pollard and Lu Shen and Bronwen Connolly and Janet V Diaz and Todd Dorman and Li-wei H. Lehman and Mengling Feng and Mohammad Ghassemi and Benjamin Moody and Peter Szolovits and Leo Anthony Celi and  Roger G. Mark",
  title =        "MIMIC-III, a freely accessible critical care database",
  journal =      "Sci Data",
  volume =       "3",
  pages =        "160035",
  year =         "2016",
  DOI =          "https://doi.org/10.1038/sdata.2016.35",
  keywords =     "MIMICIII"
}

@online{4,
    author = "Saurabh Shahane",
    title = "In Hospital Mortality Prediction",
    url  = "https://www.kaggle.com/datasets/saurabhshahane/in-hospital-mortality-prediction",
    addendum = "(accessed: 12.14.2022)",
    keywords = "dataset"
}